@misc{raatschen:ipc,
  title  = {Design and Implementation of a new Inter-Process Communication Architecture for Log-based HIDS for 100 GbE Environments},
  author = {Paul Raatschen},
  school = {University of Potsdam},
  year   = {2023},
  type   = {Bachelorthesis},
}

@misc{mikolajczak:ebpf,
  title  = {Implementation and Evaluation of an Intrusion Prevention System Leveraging eBPF on the Basis of Fail2Ban},
  author = {Florian Mikolajczak},
  school = {University of Potsdam},
  year   = {2022},
  type   = {Masterthesis},
}

@book{jain:measurement,
  title     = {The Art of Computer Systems Performance Analysis: Techniques For Experimental Design, Measurement, Simulation, and Modeling, NY: Wiley},
  author    = {Raj Jain},
  publisher = {NY: Wiley},
  year      = {1991},
  url       = {\url{https://www.researchgate.net/publication/259310412_The_Art_of_Computer_Systems_Performance_Analysis_Techniques_For_Experimental_Design_Measurement_Simulation_and_Modeling_NY_Wiley}},
}

@book{beej:sockets,
  title   = {Beej's Guide to Network Programming: Using Internet Sockets},
  author  = {Brian "Beej Jorgensen" Hall},
  year    = {2023},
  url     = {\url{https://beej.us/guide/bgnet/}},
  note    = {{Last visited on 09-07-2024}}
}

@article{HIDPS,
  author          = {Kopelo Letou, Dhruwajita Devi, Y. Jayanta Singh},
  journal         = {International Journal of Computer Applications},
  number          = {(0975 - 8887)},
  title           = {Host-based Intrusion Detection and Prevention System (HIDPS)},
  volume          = {69},
  year            = {2013},
  doi             = {10.5120/12136-8419}
}

@misc{man:sockets,
  author        = {Linux man-pages project},
  title         = {Socket},
  year          = {2024},
  howpublished  = {\url{https://man7.org/linux/man-pages/man2/socket.2.html}},
  note          = {{Last visited on 09-07-2024}}
}

@misc{man:unixsockets,
  author        = {Linux man-pages project},
  title         = {Unix Domain Socket},
  year          = {2024},
  howpublished  = {\url{https://man7.org/linux/man-pages/man7/unix.7.html}},
  note          = {{Last visited on 09-07-2024}}
}

@misc{git:fail2ban,
  howpublished = {\url{https://github.com/fail2ban/fail2ban/wiki/How-fail2ban-works}},
  title        = {Fail2ban GitHub},
  year         = {2017}
}

@misc{trex,
  author       = {Cisco Systems},
  howpublished = {\url{https://trex-tgn.cisco.com/}},
  title        = {Official TRex Website},
  note         = {{Last visited on 09-07-2024}}
}

@misc{dpdk,
  author       = {The Linux Foundation},
  howpublished = {\url{https://www.dpdk.org/}},
  title        = {Official DPDK Website},
  note         = {{Last visited on 09-07-2024}}
}