%@comment{
%
% $Id: literature.bib 2612 2008-06-03 18:32:54Z jozinke $
%
%}

@misc{mikolajczak2022,
  author        = {Mikolajczak, Florian},
  title         = {{Implementation and Evaluation of an Intrusion Prevention System Leveraging eBPF on the Basis of Fail2Ban}},
  year          = {2022},
  note 			= {{Master Thesis, Institute for Computer Science Operating Systems and Distributed Systems, University of Potsdam}},
  howpublished = {\url{https://www.cs.uni-potsdam.de/bs/teaching/docs/thesis/2022/mikolajczak.pdf}}
}

@article{bridges2019,
  title={A survey of intrusion detection systems leveraging host data},
  author={Bridges, Robert A and Glass-Vanderlan, Tarrah R and Iannacone, Michael D and Vincent, Maria S and Chen, Qian},
  journal={ACM Computing Surveys (CSUR)},
  volume={52},
  number={6},
  pages={1--35},
  year={2019},
  publisher={ACM New York, NY, USA}
}

@inproceedings{ford2016,
  title={A process to transfer Fail2ban data to an adaptive enterprise intrusion detection and prevention system},
  author={Ford, Mike and Mallery, Cody and Palmasani, Frank and Rabb, Michael and Turner, Reid and Soles, Lem and Snider, Dallas},
  booktitle={SoutheastCon 2016},
  pages={1--4},
  year={2016},
  organization={IEEE}
}

@misc{fail2ban,
  author        = {Fail2Ban},
  title         = {{Official Fail2Ban  Website}},
  year          = {2011},
  howpublished = {\url{https://www.fail2ban.org}},
      note = {{Last visited on: 14.04.2023}}
}

@misc{zeromq,
  author        = {ZeroMQ},
  title         = {{Official ZeroMQ Website}},
  year          = {2022},
  howpublished = {\url{https://zeromq.org/}},
      note = {{Last visited on: 14.04.2023}}
}


@misc{systemvshm,
  author        = {Linux man-pages project},
  title         = {{Systen V IPC Manpage}},
  year          = {2020},
  howpublished = {\url{https://man7.org/linux/man-pages/man7/sysvipc.7.html}},
      note = {{Last visited on: 14.04.2023}}
}

@misc{posixshm,
  author        = {Linux man-pages project},
  title         = {{Posix Shared Memory Manpage}},
  year          = {2021},
  howpublished = {\url{https://man7.org/linux/man-pages/man7/shm_overview.7.html}},
      note = {{Last visited on: 14.04.2023}}
}

@misc{liburing,
	author = {Axboe, Jens},
	title = {{Liburing}},
	howpublished = {\url{https://github.com/axboe/liburing}},
  note = {{library for the io_uring Linux kernel interface}}
}

@misc{hyperscan,
	author = {Intel},
	title = {{Hyperscan}},
	howpublished = {\url{https://github.com/intel/hyperscan}},
  note = {{high-performance regular expression matching library}}
}

@misc{libbpf,
	author = {Libbpf},
	title = {{Libbpf}},
	howpublished = {\url{https://github.com/libbpf/libbpf}},
  note = {{library for loading eBPF programs}}
}

@misc{spookyc,
	author = {Kleen, Andi},
	title = {{Spooky-c}},
	howpublished = {\url{https://github.com/andikleen/spooky-c}},
  note = {{C version of Bob Jenkins' spooky hash}}
}

@inproceedings{barrington2015,
  title={A scalable multi-producer multi-consumer wait-free ring buffer},
  author={Barrington, Andrew and Feldman, Steven and Dechev, Damian},
  booktitle={Proceedings of the 30th Annual ACM Symposium on Applied Computing},
  pages={1321--1328},
  year={2015}
}

@misc{gerhards2009,
  title={RFC 5424: The syslog protocol},
  author={Gerhards, Rainer},
  year={2009},
  publisher={RFC Editor}
}

@article{anderson1980,
  title={Computer security threat monitoring and surveillance},
  author={Anderson, James P},
  journal={Technical Report, James P. Anderson Company},
  year={1980}
}

@article{denning1987,
  title={An intrusion-detection model},
  author={Denning, Dorothy E},
  journal={IEEE Transactions on software engineering},
  pages={222--232},
  year={1987},
  publisher={IEEE}
}

@inproceedings{vigna2006,
  title={Host-based intrusion detection},
  author={Vigna, Giovanni and Kruegel, Christopher},
  booktitle={Handbook of Information Security},
  pages={701--713},
  year={2006},
  organization={California State University}
}

@book{jain:art,
  title={The Art of Computer Systems Performance Analysis},
  author={Jain, Raj},
  year={1991},
  publisher={John Wiley \& Sons, Inc.}
}